<?xml version="1.0" encoding="UTF-8"?><collection xmlns="http://www.loc.gov/MARC21/slim"><record><leader>00413nam--2200145-i-4500</leader><controlfield tag="001">000015483</controlfield><controlfield tag="002">20161230</controlfield><controlfield tag="005">20170210210636</controlfield><controlfield tag="008">060222s1000------------r-----000-0-eng-d</controlfield><datafield ind1=" " ind2=" " tag="100"><subfield code="a">Dumitrascu, Liviu</subfield></datafield><datafield ind1=" " ind2=" " tag="245"><subfield code="a">Invatam cobol ... conversind cu calculatorul (Felix C, Coral, independent, m18, m118)</subfield></datafield><datafield ind1=" " ind2=" " tag="260"><subfield code="a">Bucuresti</subfield><subfield code="b">Ed.Tehnica</subfield><subfield code="c">1985</subfield></datafield><datafield ind1=" " ind2=" " tag="300"><subfield code="a">536 p</subfield></datafield><datafield ind1=" " ind2=" " tag="852"><subfield code="a">519.682</subfield></datafield><datafield ind1=" " ind2=" " tag="CAT"><subfield code="a">SYS</subfield><subfield code="c">20170210</subfield><subfield code="h">210636</subfield></datafield></record></collection>